<record><leader>01250cam a2200325Li 45 0</leader><controlfield tag="001">6500534</controlfield><controlfield tag="003">OCoLC</controlfield><controlfield tag="005">20150319125543.0</controlfield><controlfield tag="008">150204s2015    onc      b    001 0 eng d</controlfield><datafield ind1=" " ind2=" " tag="010"><subfield code="a">  2014045334</subfield></datafield><datafield ind1=" " ind2=" " tag="020"><subfield code="a">9781926895505</subfield><subfield code="q">hardcover</subfield><subfield code="q">alkaline paper</subfield></datafield><datafield ind1=" " ind2=" " tag="020"><subfield code="a">1926895509</subfield><subfield code="q">hardcover</subfield><subfield code="q">alkaline paper</subfield></datafield><datafield ind1=" " ind2=" " tag="035"><subfield code="a">ocn904739818</subfield></datafield><datafield ind1=" " ind2=" " tag="040"><subfield code="a">YDXCP</subfield><subfield code="b">eng</subfield><subfield code="e">rda</subfield><subfield code="c">YDXCP</subfield><subfield code="d">OCLCO</subfield><subfield code="d">AFMK</subfield></datafield><datafield ind1="0" ind2="0" tag="050"><subfield code="a">LC191.9</subfield><subfield code="b">.E75 2015</subfield></datafield><datafield ind1="0" ind2="0" tag="082"><subfield code="a">378.007</subfield><subfield code="2">23</subfield></datafield><datafield ind1=" " ind2=" " tag="090"><subfield code="a">LC 191.9 E75 2015</subfield><subfield code="b">AFMK</subfield></datafield><datafield ind1="0" ind2="4" tag="245"><subfield code="a">The ethics of cultural competence in higher education /</subfield><subfield code="c">edited by Beverly A. Burnell, PhD, and Heidi L. Schnackenberg, PhD.</subfield></datafield><datafield ind1=" " ind2="1" tag="264"><subfield code="a">Oakville, ON, Canada ;</subfield><subfield code="a">Waretown, NJ :</subfield><subfield code="b">Apple Academic Press,</subfield><subfield code="c">[2015]</subfield></datafield><datafield ind1=" " ind2=" " tag="300"><subfield code="a">xxi, 191 pages ;</subfield><subfield code="c">24 cm</subfield></datafield><datafield ind1=" " ind2=" " tag="336"><subfield code="a">text</subfield><subfield code="b">txt</subfield><subfield code="2">rdacontent</subfield></datafield><datafield ind1=" " ind2=" " tag="337"><subfield code="a">unmediated</subfield><subfield code="b">n</subfield><subfield code="2">rdamedia</subfield></datafield><datafield ind1=" " ind2=" " tag="338"><subfield code="a">volume</subfield><subfield code="b">nc</subfield><subfield code="2">rdacarrier</subfield></datafield><datafield ind1=" " ind2=" " tag="504"><subfield code="a">Includes bibliographical references and index.</subfield></datafield><datafield ind1=" " ind2=" " tag="596"><subfield code="a">8</subfield></datafield><datafield ind1=" " ind2="0" tag="650"><subfield code="a">Education, Higher</subfield><subfield code="x">Social aspects.</subfield></datafield><datafield ind1=" " ind2="0" tag="650"><subfield code="a">Education</subfield><subfield code="x">Research.</subfield></datafield><datafield ind1="1" ind2=" " tag="700"><subfield code="a">Burnell, Beverly A.,</subfield><subfield code="e">editor.</subfield></datafield><datafield ind1="1" ind2=" " tag="700"><subfield code="a">Schnackenberg, Heidi L.,</subfield><subfield code="e">editor.</subfield></datafield><datafield ind1=" " ind2=" " tag="926"><subfield code="a">LC 191.9 E75 2015</subfield><subfield code="w">LC</subfield><subfield code="c">1</subfield><subfield code="i">34917001374250</subfield><subfield code="l">ON_SHELF</subfield><subfield code="m">KEYANO</subfield><subfield code="p">$94.95</subfield><subfield code="r">Y</subfield><subfield code="s">Y</subfield><subfield code="t">BOOK</subfield><subfield code="u">2/28/2014</subfield><subfield code="o">.STAFF. Rec'd Mar/15 MW</subfield></datafield></record>